<?xml version="1.0" encoding="UTF-8"?><collection xmlns="http://www.loc.gov/MARC21/slim"><record><leader>00452nam--2200145-i-4500</leader><controlfield tag="001">000030363</controlfield><controlfield tag="002">20161230</controlfield><controlfield tag="005">20161230201038</controlfield><controlfield tag="008">060222s1000------------r-----000-0-eng-d</controlfield><datafield ind1=" " ind2=" " tag="080"><subfield code="a">621.375.122</subfield></datafield><datafield ind1=" " ind2=" " tag="245"><subfield code="a">Mos and special-purpose bipolar integrated circuits and r-f power transistor circuit design</subfield></datafield><datafield ind1=" " ind2=" " tag="260"><subfield code="a">New York, Mcgraw-hill Book Company, 1976. 228p</subfield></datafield><datafield ind1=" " ind2=" " tag="490"><subfield code="a">Texas Instruments Electronics Series</subfield></datafield><datafield ind1=" " ind2=" " tag="700"><subfield code="a">Bryan Norris</subfield></datafield><datafield ind1=" " ind2=" " tag="852"><subfield code="a">46020</subfield></datafield></record></collection>